@article{tasong2019iot,
  author    = {Aldrin C. Tasong and Roland P. Abao},
  title     = {Design and Development of an IoT Application with Visual Analytics for Water Consumption Monitoring},
  journal   = {Procedia Computer Science},
  volume    = {157},
  pages     = {205--213},
  year      = {2019},
  doi       = {10.1016/j.procs.2019.08.159},
  url       = {https://www.sciencedirect.com/science/article/pii/S1877050919310774}
}

@inproceedings{souza2017arduino,
  author    = {Thiago Vieira de Souza and Gilberto Vieira da Silva Filho},
  title     = {Controlando o consumo de água através da Internet utilizando Arduino},
  booktitle = {Anais do Congresso de Iniciação Científica da UDESC},
  year      = {2017},
  url       = {https://www.udesc.br/arquivos/ceplan/id_cpmenu/1593/4520170911VF_16681133920465_1593.pdf}
}

@inproceedings{martins2017iot,
  author    = {Danilo Martins and Roniere G. Oliveira and Vinicius V. Oliveira},
  title     = {Monitoramento de consumo doméstico de água utilizando uma meta-plataforma de IoT},
  booktitle = {Congresso Brasileiro de Computação (CSBC)},
  year      = {2017},
  url       = {https://www.researchgate.net/publication/318962796}
}

@inproceedings{oliveira2023smartcampus,
  author    = {Felipe M. Oliveira and Ana C. Braga and Leonardo G. Silva},
  title     = {Protótipo IoT para Monitoramento de Consumo de Água em Smart Campus},
  booktitle = {Anais Estendidos do ERBASE},
  year      = {2023},
  url       = {https://sol.sbc.org.br/index.php/erbase/article/view/27695}
}

@misc{curvello2017iot,
  author    = {André Curvello},
  title     = {Monitoramento de água com IoT – Parte 1},
  year      = {2017},
  howpublished = {\url{https://embarcados.com.br/monitoramento-de-agua-com-iot-parte-1}}
}

@misc{oliveira2023crise,
  author    = {João Victor Oliveira and Guilherme Ferraz and Patrícia Ferreira},
  title     = {Sistema embarcado IoT aplicado ao contexto de crises hídricas},
  year      = {2023},
  howpublished = {\url{https://www.researchgate.net/publication/367689800}}
}
